@misc{ Someone03,
       author = "James Someone and Jenny Someoneelse",
       title = "Useful Theorems",
       year = "2003" }
   
@book{BlumHopcroftKannan20,
	place={Cambridge},
	title={Foundations of Data Science},
	publisher={Cambridge University Press},
	author={Blum, Avrim and Hopcroft, John and Kannan, Ravi},
	year={2020},
	note={(Preprint, datiert vom 2. MÃ¤rz 2019)}
}

@book{SSBD14,
	author    = {Shai Shalev{-}Shwartz and
	Shai Ben{-}David},
	title     = {Understanding Machine Learning - From Theory to Algorithms},
	publisher = {Cambridge University Press},
	year      = {2014},
	url       = {http://www.cambridge.org/de/academic/subjects/computer-science/pattern-recognition-and-machine-learning/understanding-machine-learning-theory-algorithms},
	isbn      = {978-1-10-705713-5}
}