@book{SSBD14,
	author    = {Shai Shalev{-}Shwartz and
	Shai Ben{-}David},
	title     = {Understanding Machine Learning - From Theory to Algorithms},
	publisher = {Cambridge University Press},
	year      = {2014},
	url       = {http://www.cambridge.org/de/academic/subjects/computer-science/pattern-recognition-and-machine-learning/understanding-machine-learning-theory-algorithms},
	isbn      = {978-1-10-705713-5}
}

@article{FREUND1997119,
title = "A Decision-Theoretic Generalization of On-Line Learning and an Application to Boosting",
journal = "Journal of Computer and System Sciences",
volume = "55",
number = "1",
pages = "119 - 139",
year = "1997",
issn = "0022-0000",
doi = "https://doi.org/10.1006/jcss.1997.1504",
url = "http://www.sciencedirect.com/science/article/pii/S002200009791504X",
author = "Yoav Freund and Robert E Schapire"
}

@TechReport{kv-lbffahf-88,
author = "M. Kearns and L. G. Valiant",
title = "Learning Boolean Formulae or Finite Automata is as Hard as Factoring",
number = "TR 14-88",
institution = "Harvard University Aiken Computation Laboratory",
year = "1988"
}

@book{boosting,
author = {Schapire, Robert E. and Freund, Yoav},
title = {Boosting: Foundations and Algorithms},
year = {2012},
publisher = {The MIT Press},
}

@article{XGBoost,
  author    = {Tianqi Chen and
               Carlos Guestrin},
  title     = {XGBoost: {A} Scalable Tree Boosting System},
  journal   = {CoRR},
  volume    = {abs/1603.02754},
  year      = {2016},
  url       = {http://arxiv.org/abs/1603.02754},
  archivePrefix = {arXiv},
  eprint    = {1603.02754},
  timestamp = {Mon, 13 Aug 2018 16:47:00 +0200},
  biburl    = {https://dblp.org/rec/journals/corr/ChenG16.bib},
  bibsource = {dblp computer science bibliography, https://dblp.org}
}